%% This BibTeX bibliography file was created using BibDesk.
%% http://bibdesk.sourceforge.net/


%% Created for Ren√© Mellema at 2016-02-23 12:30:33 +0100 


%% Saved with string encoding Unicode (UTF-8) 



@webpage{cluedo,
	Date-Added = {2016-02-23 11:28:22 +0000},
	Date-Modified = {2016-02-23 11:30:30 +0000},
	Lastchecked = {23 Februari 2016},
	Month = {2},
	Url = {http://www.spelregels.info/bordspellen/spelregels-cluedo/},
	Year = {2016}}
